<record><leader>00000cas a2200000 a 4500</leader><controlfield tag="001">13386039</controlfield><controlfield tag="008">860403d18941897paudr ne      0    0eng d</controlfield><datafield ind1=" " ind2=" " tag="010"><subfield code="a">sn 86063570 </subfield></datafield><datafield ind1=" " ind2=" " tag="040"><subfield code="a">KSH</subfield><subfield code="b">eng</subfield><subfield code="c">KSH</subfield><subfield code="d">NPT</subfield><subfield code="d">NPH</subfield><subfield code="d">OCL</subfield><subfield code="d">OCLCQ</subfield></datafield><datafield ind1=" " ind2=" " tag="042"><subfield code="a">msc</subfield></datafield><datafield ind1="0" ind2=" " tag="130"><subfield code="a">Daily globe (South Bethlehem, Pa.)</subfield></datafield><datafield ind1="1" ind2="0" tag="245"><subfield code="a">Daily globe.</subfield></datafield><datafield ind1="1" ind2="7" tag="246"><subfield code="a">South Bethlehem daily globe</subfield></datafield><datafield ind1=" " ind2=" " tag="260"><subfield code="a">South Bethlehem, Pa. :</subfield><subfield code="b">Charles F. Berkemeyer,</subfield><subfield code="c">-1897.</subfield></datafield><datafield ind1=" " ind2=" " tag="300"><subfield code="a">v. ;</subfield><subfield code="c">61 cm.</subfield></datafield><datafield ind1=" " ind2=" " tag="310"><subfield code="a">Daily</subfield></datafield><datafield ind1="1" ind2=" " tag="362"><subfield code="a">Began in 1894.</subfield><subfield code="z">Cf. Ayer, 1898.</subfield></datafield><datafield ind1="0" ind2=" " tag="362"><subfield code="a">-v. 3, no. 250 (Oct. 23, 1897).</subfield></datafield><datafield ind1=" " ind2=" " tag="525"><subfield code="a">Supplements accompany some issues.</subfield></datafield><datafield ind1=" " ind2=" " tag="588"><subfield code="a">Description based on: Vol. 1, no. 11 (Jan. 1, 1895).</subfield></datafield><datafield ind1=" " ind2=" " tag="752"><subfield code="a">United States</subfield><subfield code="b">Pennsylvania</subfield><subfield code="c">Northampton</subfield><subfield code="d">South Bethlehem.</subfield></datafield><datafield ind1=" " ind2=" " tag="752"><subfield code="a">United States</subfield><subfield code="b">Pennsylvania</subfield><subfield code="c">Northampton</subfield><subfield code="d">Bethlehem.</subfield></datafield><datafield ind1=" " ind2=" " tag="752"><subfield code="a">United States</subfield><subfield code="b">Pennsylvania</subfield><subfield code="c">Lehigh</subfield><subfield code="d">Bethlehem.</subfield></datafield><datafield ind1="0" ind2="0" tag="785"><subfield code="t">Globe (South Bethlehem, Pa.)</subfield><subfield code="w">(DLC)sn 86063530</subfield></datafield><datafield ind1="1" ind2=" " tag="029"><subfield code="a">AU@</subfield><subfield code="b">000022168524</subfield></datafield></record>